2227 2890
2006 267 2149 315 13,

76 374 89 380 ’
150 402 221 424 suo
231 388 489 436 ponderasse
524 389 720 429 videmur,
747 388 887 435 partim
914 399 1046 425 errore
1072 387 1241 436 quodam
1268 388 1309 424 in
1336 387 1466 424 verbis
1493 386 1718 436 deligendis
1745 392 1834 424 orta
1869 391 1953 424 esta
1986 399 2070 423 non

150 460 250 497 enim
270 459 524 512 perobscuros
552 460 657 498 viros
684 459 819 497 dicere
846 459 904 497 fas
930 465 1047 507 erat,.
1064 460 1135 499 sed
1161 459 1269 499 nobis
1290 460 1411 512 plane
1436 461 1597 512 ignotos.
1657 458 1816 508 Quodsi
1841 459 1939 498 hsce
1965 459 2068 498 rstio

147 504 289 572 idone·
317 540 424 572 esset
451 536 501 572 ad
526 535 670 571 librum
696 535 865 584 aliquem
891 536 1103 574 Aristoteli
1127 537 1455 585 abjudicandum,
1497 536 1630 573 nullus
1664 536 1787 585 magis
1822 547 1896 584 pro
1922 547 2067 584 suppo-

131 609 225 647 sito
269 610 472 647 habendus
509 614 617 647 esset
652 609 856 658 praeclaro
888 609 962 648 illo
1005 611 1054 647 de
1081 611 1179 648 Arte
1206 610 1422 664 Rhetorica
1448 624 1593 670 operef
1633 623 1683 648 ex
1708 610 1786 649 boe
1813 610 1916 648 enin
1940 622 2065 659 prope

146 684 452 735 quinquaginta,
490 685 525 721 si
557 684 637 733 jam
673 684 838 729 liceret,
877 686 1030 722 nomina
1065 686 1242 735 proferre
1268 698 1425 735 possem
1452 686 1611 722 aliunde
1638 699 1719 722 non
1745 684 1917 735 cognita.
1982 684 2067 720 Gur

147 765 288 804 autem,
314 762 420 809 quod
446 762 485 796 in
512 774 591 798 nno
617 774 736 808 opere
763 762 993 799 Aristotelis
1020 776 1145 811 aequo
1166 764 1300 805 ‚animo
1324 763 1509 805 ferimus,
1550 763 1591 798 in
1618 762 1698 797 alio
1725 761 2030 809 reprehenditur
2044 760 2066 796 ἲ

146 834 248 872 Mihi
274 834 429 886 quidem
456 834 506 871 de
542 834 603 873 his
637 834 816 875 omnibus
851 835 953 874 idem
989 835 1070 875 dici
1100 849 1219 888 posse
1254 836 1435 881 videtur,
1477 836 1583 888 quod
1620 848 1738 886 supra
1774 836 1841 886 (p.
1873 835 1971 885 11.)
2012 834 2063 873 de

144 909 372 959 An'pkrade
398 909 577 945 diximus.
608 905 775 946 ‘Verum
800 911 895 961 qnid
922 911 999 947 sibi
1025 903 1123 947 v'elit
1149 915 1288 948 oetava
1315 911 1385 947 illa
1411 912 1637 955 accusatio,
1676 911 1767 955 „ab
1801 910 1942 947 eode-
1973 910 2060 946 viro

143 984 293 1031 pusillo
321 997 487 1021 summos
514 990 652 1032 poetas
680 986 942 1033 vituperari,“
970 988 1035 1023 vix
1062 986 1296 1036 assequaris.
1333 987 1433 1023 Num
1458 987 1557 1024 baec
1583 986 1775 1034 Sophocli
1800 992 1842 1022 ct
1854 985 2062 1035 Aeschylo

143 1060 364 1098 reverentia
391 1059 581 1103 debetur,
618 1064 662 1097 ut
697 1072 767 1098 eos
803 1061 948 1097 erroris
983 1061 1047 1098 vel
1072 1061 1264 1099 levissimi
1298 1062 1455 1111 peccati
1489 1073 1652 1112 arguere
1688 1061 1799 1100 nefas
1832 1060 1916 1100 sit?
1967 1060 2062 1101 noe

145 1147 259 1170 unum
286 1135 509 1183 quaeritur,
536 1140 663 1170 utrum
681 1141 798 1190 ‘reete
826 1134 866 1170 bi
892 1140 1034 1183 poetae
1059 1137 1396 1183 reprehendantur
1421 1149 1471 1172 nn
1498 1149 1625 1174 secus.
1679 1121 1901 1184 Sophocles
1929 1141 2061 1172 aute-

142 1209 219 1244 nisi
246 1221 324 1245 uno
351 1209 561 1257 loco*(24,
576 1210 650 1257 10)
676 1222 756 1247 ιιοιι
782 1208 1027 1258 vituperatur
1052 1210 1160 1259 (nam
1185 1223 1275 1248 raro
1303 1209 1454 1260 aliquid
1479 1211 1625 1247 factum
1650 1222 1739 1247 esse
1767 1214 1876 1259 (cap.
1894 1213 1967 1254 14.
1983 1213 2059 1261 ¹⁷)
2081 1254 2088 1259 ,

142 1284 225 1320 sine
247 1283 394 1333 probro
411 1283 494 1320 dici
519 1282 687 1333 potest),
715 1287 756 1320 et
770 1282 959 1334 Aeschyli
979 1284 1322 1333 reprehensionem
1346 1283 1619 1336 sagacissimas
1642 1283 1773 1323 editor
1791 1297 1842 1322 ex
1859 1285 2058 1336 corruptis

140 1359 272 1394 vei-his
301 1372 333 1394 c.
352 1359 423 1403 18,
438 1359 477 1394 5.
505 1358 657 1394 demum
685 1358 917 1394 enucleavit.
967 1359 1096 1395 Nimio
1122 1359 1290 1408 quodam
1314 1359 1434 1396 animi
1460 1358 1599 1395 ardore
1625 1358 1824 1396 Ritternm
1850 1360 2058 1410 abreptum

142 1433 290 1470 dixeris
330 1438 371 1469 et
401 1433 499 1469 baec
526 1432 764 1470 scribentem
791 1439 833 1470 et
860 1418 965 1470 nono
992 1433 1081 1471 loco
1108 1433 1276 1471 ridicula
1300 1434 1491 1484 quaedam
1514 1434 1814 1484 interpolatoris
1839 1441 2057 1487 praecepta

141 1512 245 1559 (cap.
264 1511 336 1554 18,
354 1511 395 1546 ὅ.
415 1515 456 1546 et
478 1510 552 1553 24,
566 1511 628 1559 ὅ.)
654 1515 877 1559 carpentem
885 1525 900 1553 3
926 1509 1149 1560 quicunqne
1178 1510 1278 1547 enim
1304 1508 1377 1546 bos
1404 1508 1517 1546 locos
1545 1508 1675 1547 oculis
1702 1522 1783 1546 non
1808 1512 2055 1560 praestrictis

136 1585 447 1622 consideraverit
460 1611 473 1627 ‚
510 1583 719 1621 ridiculum
753 1598 834 1621 non
867 1585 909 1620 in
936 1584 1143 1633 scriptoris
1177 1583 1329 1629 verbis,
1365 1596 1499 1621 verum
1532 1584 1665 1633 potius
1701 1585 1744 1620 in
1780 1583 2057 1634 explicationis

138 1662 330 1698 calumnia
354 1661 525 1709 positum
552 1673 640 1697 esse
668 1659 878 1709 intelliget.
940 1660 1002 1697 ne
1036 1660 1262 1697 criminibus
1299 1659 1471 1710 deniqne
1508 1659 1646 1696 ultimo
1673 1660 1940 1697 accusationis
1967 1660 2058 1699 loco

136 1735 278 1771 delatis
314 1734 391 1771 nisi
426 1724 590 1783 singulis
626 1734 727 1771 locis
754 1734 967 1783 diligenter
1007 1734 1236 1771 examinatis
1272 1733 1465 1783 disputari
1499 1745 1580 1770 non
1613 1737 1770 1782 potest:
1808 1733 1873 1770 eui
1912 1745 2058 1784 operae

136 1823 253 1858 quum
278 1809 378 1845 fines
403 1809 518 1857 hujus
545 1810 770 1857 scriptionis
798 1814 877 1846 non
905 1810 1126 1853 sufficiant,
1152 1811 1193 1845 in
1220 1809 1329 1845 alind
1356 1814 1508 1858 tempus
1536 1821 1620 1844 eam
1645 1809 1804 1845 diferre
1829 1814 2018 1857 praestat.

260 1884 395 1924 Finem
421 1883 541 1936 igitur
572 1883 662 1923 hnic
691 1883 895 1934 scriptioni
922 1885 1190 1935 imponamus:
1227 1897 1303 1936 qua
1343 1883 1438 1936 qnid
1471 1884 1777 1935 profecerimus,
1812 1896 1894 1923 non
1930 1887 2058 1924 nostri

139 1965 202 1997 est
232 1960 398 2008 jndicii3
434 1961 529 1996 satis
556 1973 627 1995 nos
654 1965 857 1995 assecutos
885 1971 972 1995 esse
997 1960 1247 2008 putabimus,
1282 1960 1345 2002 si,
1380 1972 1480 2010 qnae
1515 1958 1627 1995 nullo
1658 1959 1736 1994 alio
1772 1959 1850 1994 nisi
1874 1960 2057 1997 veritatis

139 2035 270 2074 studio
296 2036 409 2074 ducti
444 2036 697 2085 scripsimus,
725 2035 859 2085 aequis
889 2034 1026 2073 barum
1063 2049 1191 2073 rernm
1228 2034 1560 2074 existimatoribus
1596 2048 1675 2073 non
1708 2048 1869 2085 prorsus
1895 2036 2055 2075 inutilia

136 2109 383 2149 videbuntur.
