2227 2890
156 210 188 256 6

153 328 296 378 viginti
327 332 499 378 quatuor
534 324 764 377 rhapsodias
800 324 1011 365 distributa
1044 325 1175 368 esset3
1214 333 1304 362 nam
1338 333 1438 375 quse
1471 321 1560 363 illic
1591 329 1802 363 narrantur
1836 337 1860 365 a
1884 336 2003 366 versu
2031 329 2069 368 Ι.

153 415 278 455 nsque
306 401 357 441 ad
382 403 491 446 554,
515 401 584 441 ubi
608 397 661 440 τὰ
684 398 832 455 νίπτρα
855 399 1004 453 (mixis
1027 396 1194 449 lavatio)
1219 408 1314 437 vere
1333 398 1554 450 incipiunt,
1583 412 1630 437 ea
1653 400 1754 439 nihil
1772 411 1849 452 per
1870 413 1913 441 se
1936 403 2073 468 ⁶⁰¹⁸?-

151 491 240 517 rere
264 490 350 516 enno
373 478 567 516 lavatione
595 474 736 517 Ulixis.
800 476 893 515 Hoc
918 477 1047 512 autem
1070 473 1185 511 nimis
1222 473 1470 512 confidenter
1503 475 1800 524 pronuntiatum
1816 509 1818 511 .
1833 489 1921 514 esse
1953 477 2073 515 facile

153 557 215 590 est
240 552 293 590 ad
318 549 674 590 demonstrandum.
726 550 843 589 Sicut
870 549 972 587 enim
996 546 1138 598 vulgus
1166 547 1313 600 ubique
1338 548 1495 587 minime
1522 548 1720 587 curiosum
1746 554 1809 588 est
1833 551 1877 588 in
1902 550 2071 590 vocabu·

151 627 204 665 lis
235 626 469 677 usurpandis
506 634 646 677 eaque·
665 625 782 664 modo
815 624 950 663 latiori
981 623 1093 662 modo
1128 622 1291 662 arctiori
1323 621 1523 674 potestate
1556 623 1741 671 adhibet,
1778 624 1837 663 ita
1871 627 1988 665 etiam
2020 627 2070 664 sb

147 701 305 737 illorum
328 703 549 749 temporum
571 699 793 737 hominibus
817 699 966 736 factum
991 709 1082 735 esse
1105 708 1252 746 perse
1275 696 1487 746 probabile
1520 701 1593 734 est.
1655 698 1794 748 Neque
1827 702 1961 736 tamen
1993 700 2069 737 hac

145 775 344 823 probabili
366 775 520 813 ratione
545 779 747 823 assumpta
771 787 856 811 rem
881 773 1105 812 confecisse
1127 772 1244 811 nobis
1271 773 1519 817 videremur,
1545 774 1624 810 nisi
1642 774 1758 810 etiam
1776 774 1918 812 similia
1940 788 2068 812 exem·

145 847 213 898 pla
249 860 270 884 e
303 846 420 885 bonis
454 846 717 897 scriptoribus
751 845 881 896 petita
903 845 946 882 in
970 848 1106 896 partes
1132 856 1276 884 vocare
1301 856 1521 896 possemus.
1574 843 1660 883 Sed
1685 833 1802 884 eccei
1842 846 1957 886 adest
1980 833 2067 900 ipse

144 923 403 959 Aristoteles:
429 934 519 958 nam
544 933 630 971 cap.
651 922 730 966 16,
757 922 798 957 ὅ.
825 920 1046 969 exemplum
1070 919 1267 970 quoddam
1289 919 1401 956 velut
1424 932 1475 956 cx
1492 917 1670 958 :aaron
1687 916 1876 972 ὢτολόγῳ
1899 924 2068 972 petitum

144 998 317 1044 affertur,
342 996 450 1049 quod
472 995 620 1048 Odyss-
639 997 693 1042 8,
719 995 807 1036 521
835 1008 946 1047 seqq.
972 995 1167 1046 legimus,
1190 1007 1312 1045 quum
1338 1008 1444 1033 nono
1466 994 1620 1034 demum
1639 994 1744 1035 libro
1765 996 1906 1037 Ulixes
1920 999 2066 1039 Alcino

140 1072 221 1110 fata
246 1083 317 1109 sua
341 1083 503 1109 narrans
528 1070 753 1109 inducatur.
805 1070 927 1119 Quod
952 1082 1047 1109 sane
1073 1069 1162 1108 fieri
1186 1081 1266 1107 non
1289 1073 1471 1121 poterat,
1500 1070 1579 1107 nisi
1606 1069 1865 1112 celeberrimo
1892 1075 2063 1113 carmine

121 1121 180 1183 »in
205 1147 331 1184 libros
357 1146 531 1184 nondum
556 1146 771 1184 distincto:
804 1124 1031 1182 tune'enim
1055 1157 1138 1182 non
1164 1144 1292 1182 solnm
1317 1145 1445 1199 ipsam
1469 1147 1733 1184 narrationem
1758 1148 1830 1185 sed
1857 1150 1972 1186 etiam
1997 1163 2062 1187 res
2092 1187 2096 1192 ,

137 1210 313 1272 proxime
341 1220 625 1258 antecedentes
651 1219 716 1258 vel
741 1219 1030 1270 subsequentes
1047 1218 1124 1257 hoc
1150 1220 1307 1257 nomine
1334 1220 1635 1270 comprehense
1662 1235 1751 1259 esse
1776 1235 1941 1272 prorsus
1969 1238 2061 1271 con-

139 1299 366 1333 sentaneum
393 1298 477 1339 est3
516 1294 745 1344 neutiquam
769 1305 864 1332 vero
899 1292 943 1330 id
967 1293 1100 1331 faeere
1116 1292 1267 1341 licuit,
1301 1297 1510 1345 postquam
1536 1295 1777 1343 grammatici
1800 1296 2063 1337 Alexandrini

136 1369 355 1420 Odyssean
388 1369 430 1406 in
454 1368 597 1419 viginti
621 1372 790 1419 quatuor
814 1367 942 1407 libros
979 1367 1272 1419 disposuerunt.
1339 1368 1498 1408 Etenim
1529 1369 1598 1422 qui
1634 1371 1816 1411 carminis
1854 1373 1898 1410 in
1934 1375 2061 1414 libros

136 1444 319 1481 distincti
344 1444 525 1492 exemplo
551 1456 645 1486 usus
673 1448 795 1488 esset,
821 1444 856 1480 is
885 1443 921 1480 si
945 1454 1028 1480 rem
1055 1444 1099 1480 in
1125 1450 1267 1482 octavo
1291 1444 1398 1482 libro
1422 1446 1585 1483 relatam
1611 1458 1659 1483 eo
1684 1449 1840 1486 nomine
1863 1451 2060 1500 signabat,

135 1532 212 1571 quo
244 1518 371 1558 libros
404 1518 579 1569 proxime
614 1518 858 1569 posteriores
893 1530 1124 1569 nuncupare
1160 1523 1467 1566 consueverant,
1500 1520 1684 1571 profecto
1711 1522 1826 1562 nimis
1863 1528 2063 1577 stupidum

135 1606 223 1630 sese
249 1588 500 1631 ostendisset.
568 1593 691 1639 ‘Quae
718 1593 755 1630 si
779 1596 888 1630 recte
915 1597 1010 1630 sunt
1036 1592 1258 1643 disputata,
1297 1595 1403 1631 idem
1431 1594 1622 1644 iudicium
1656 1597 1879 1636 faciendum
1907 1603 1983 1639 erit
2010 1603 2060 1641 de

133 1669 248 1713 loco,
290 1681 368 1720 quo
395 1668 579 1708 Ritterns
615 1680 727 1705 sunm
752 1667 991 1705 sententiam
1016 1668 1170 1705 firmare
1196 1652 1361 1707 conatus
1389 1675 1475 1716 est,
1513 1676 1741 1724 tantumque
1762 1655 1906 1720 abest,
1949 1683 1994 1715 ut
2021 1680 2062 1715 in

133 1744 209 1782 boe
235 1743 470 1793 posterioris
497 1742 640 1781 aetatis
657 1726 829 1791 vestigia
855 1746 1093 1791 appareant,
1121 1747 1166 1781 nt
1189 1744 1430 1784 contrarium
1457 1757 1505 1783 ex
1529 1759 1576 1785 eo
1604 1747 1705 1786 effici
1723 1760 1842 1798 posse
1869 1751 2060 1790 videatur.

135 1819 191 1854 At
217 1818 320 1854 enim
344 1817 550 1860 mttems,
577 1828 678 1866 quae
706 1816 791 1864 ejus
818 1820 880 1853 est
904 1816 1136 1865 prudentia,
1163 1817 1239 1856 hoc
1265 1819 1547 1857 firmamentum
1574 1827 1692 1859 caute
1720 1823 1937 1870 subtraxit,
1976 1838 2062 1863 cum

64 1899 67 1901 “
134 1897 223 1930 toto
250 1892 382 1941 capite
408 1890 665 1928 snbditicium
686 1889 871 1940 judicans
896 1890 1029 1929 locum
1055 1905 1078 1929 a
1102 1893 1218 1931 nobis
1244 1894 1288 1931 in
1312 1899 1446 1944 partes
1482 1900 1674 1933 vocatum.
1726 1898 1846 1944 Quod
1881 1900 1931 1936 de
1967 1902 2061 1938 reli-

136 1969 225 2019 quis
255 1967 400 2016 capitis
423 1965 603 2016 partibus
631 1977 745 2016 quum
766 1978 859 2003 vere
885 1971 953 2004 sut
978 1979 1095 2006 secus
1123 1968 1176 2005 sit
1198 1969 1517 2018 pronuntiatum,
1543 1976 1683 2020 postes
1710 1971 2060 2019 demonstrabitur,

134 2043 184 2078 de
212 2042 288 2079 hoc
313 2040 406 2078 loco
432 2040 794 2090 impraesentiarum
816 2053 969 2078 omnem
995 2041 1224 2093 scrupulum
1250 2044 1440 2082 exemisse
1468 2044 1584 2085 nobis
1611 2046 1800 2085 videmur.
1822 2026 1835 2038 ο
1853 2050 1971 2096 Quod
2009 2052 2076 2089 ad

134 2116 301 2153 alterum
323 2115 515 2153 indicium
541 2115 704 2160 attinet,
745 2127 822 2166 quo
858 2115 1037 2154 Ritterus
1073 2108 1399 2167 interpolatorem
1424 2119 1582 2158 Zenone
1617 2121 1753 2161 Stoico
1788 2124 1976 2162 minorem
2013 2138 2056 2161 se

132 2189 443 2241 deprehendisse
459 2193 589 2239 putat,
615 2188 864 2228 brevioribus
882 2202 970 2229 esse
989 2189 1102 2229 nobis
1121 2191 1231 2230 licet.
1260 2192 1436 2244 Namque
1451 2194 1668 2245 Dionysius
1685 2196 2055 2237 Halicarnassensis

132 2270 172 2301 et
193 2264 463 2311 Quintilianus
490 2276 611 2315 quum
635 2263 893 2308 tradiderint,
921 2265 1181 2305 Aristotelem
1206 2272 1322 2319 atque
1344 2268 1613 2309 Theodectem
1638 2275 1721 2310 tres
1747 2277 1897 2311 tantum
1920 2279 2055 2325 partes

130 2341 321 2380 orationis
348 2340 560 2386 statuisse,
587 2341 743 2389 nomina
767 2345 807 2380 et
832 2340 954 2384 verba
978 2347 1018 2381 et
1041 2345 1349 2390 convinctiones,
1377 2346 1566 2386 articulos
1593 2361 1617 2386 a
1639 2347 1785 2387 Stoicis
1811 2360 1898 2388 esse
1922 2349 2055 2399 adjec-

130 2423 217 2462 tos,
254 2422 389 2467 aperte
425 2429 513 2456 cum
548 2416 610 2455 his
645 2422 796 2467 pugnat
830 2417 1021 2456 Poeticae
1056 2431 1141 2469 cap.
1168 2421 1250 2465 20,
1292 2420 1360 2458 uhi
1396 2422 1438 2460 in
1472 2424 1618 2461 ceteris
1651 2407 1843 2462 ‘orationis
1876 2423 2055 2473 partibus

130 2495 246 2532 etiam
271 2492 429 2532 articuli
455 2497 745 2532 enumerantur.
799 2492 914 2531 Unde
936 2492 1096 2532 Rittero
1119 2493 1257 2543 judice
1286 2496 1565 2548 consequitur,
1591 2502 1634 2535 ut
1653 2496 1750 2535 haec
1774 2498 1822 2536 ab
1837 2496 2055 2536 Aristotele

130 2571 277 2618 scripta
303 2582 391 2607 esse
418 2582 496 2607 non
521 2569 699 2619 possint,
726 2568 798 2607 sed
822 2570 956 2619 potius
984 2570 1034 2608 ad
1060 2570 1381 2620 interpolatorem
1408 2570 1569 2613 Zenone
1586 2573 1725 2613 Stoico
1748 2573 1948 2622 juniorem
1971 2574 2053 2612 sint
