2227 2890
151 230 185 272 4

151 361 242 385 num
267 352 419 384 tantum
447 348 487 383 in
515 347 587 383 hoc
626 346 872 388 nobilissimo
907 347 1124 394 fragmento
1161 347 1400 394 expoliendo
1436 324 1696 396 praestitisse.
1762 351 1889 395 Quam
1925 352 2077 388 laudem

152 438 230 473 quo
258 422 486 460 luhentiore
513 422 643 458 animo
672 422 709 458 ei
735 421 966 471 tribuimus,
993 434 1042 458 eo
1068 404 1189 470 nan-'gis
1218 421 1419 468 dolemus,
1447 423 1553 474 qnod
1580 423 1789 469 nonnulla,
1824 438 1949 475 eaque
1973 425 2079 476 hapd

151 497 370 541 levissima,
407 500 523 538 sunt,
558 495 600 531 in
628 495 771 546 quihus
799 509 820 531 a
850 495 895 530 V.
923 494 986 530 ol.
1015 495 1069 530 ita
1097 494 1308 532 dissentire
1337 497 1533 545 cogimur,
1576 502 1619 533 ut
1645 504 1819 535 nostrum
1846 500 2079 535 sententiam

154 587 232 611 non
257 574 383 622 palam
408 571 587 620 profiteri
615 571 731 607 nobis
758 571 945 620 religioni
971 569 1171 606 ducamus.
1238 573 1368 617 Quum
1394 584 1487 609 vero
1513 573 1611 609 haec
1638 573 1805 620 scriptio
1833 575 1929 611 eatis
1957 576 2077 611 arctis

153 649 295 686 finibus
322 646 592 689 contineatur,
632 646 757 682 totius
797 644 856 682 rei
891 643 1156 694 profligandae
1186 645 1398 683 consilium
1426 646 1559 685 statim
1585 646 1848 697 abjiciendum
1874 653 1935 686 est
1959 648 2077 700 idque

151 723 397 775 potissimum
423 720 637 770 agendum,
679 724 724 756 ut
758 733 877 758 unum
912 723 1030 769 caput
1059 718 1279 767 eligamus,
1320 721 1361 757 in
1388 733 1468 771 quo
1496 722 1733 771 explicando
1759 723 2016 769 ostendatur,
2057 740 2078 762 a

152 799 264 835 novis
292 796 470 834 Editoris
496 795 805 844 ingeniosissimi
831 795 1003 831 inventis
1034 806 1230 833 mansum
1254 783 1503 834 cohibendum
1527 811 1620 835 esse.
1684 799 1925 836 Gravissima
1958 801 2080 848 igitur

153 888 239 917 res,
279 874 323 910 in
356 884 432 923 qua
456 872 496 909 ei
521 869 757 921 adstipulari
781 884 945 921 prorsus
973 883 1052 908 non
1080 870 1345 915 sustinemus,
1381 871 1422 908 iu
1448 884 1498 913 eo
1524 873 1656 920 posita
1680 878 1765 918 est,
1807 874 1913 925 quod
1937 874 1986 911 V.
2013 874 2076 913 cl.

152 949 196 984 in
222 947 408 984 Poeticae
436 946 652 994 fragmento
680 945 805 981 adhuc
836 949 994 981 servato
1022 951 1064 980 et
1090 926 1272 993 fingentes
1308 946 1470 982 lacunas
1505 953 1546 982 et
1580 948 1825 984 foedissimas
1862 950 2078 997 interpola·

155 1024 284 1060 tiones
313 1022 390 1059 sibi
416 1022 523 1058 visus
553 1026 614 1058 est
642 1020 858 1057 detexisse.
927 1020 976 1056 In
1012 1033 1090 1069 quo
1127 1033 1245 1070 quum
1283 1033 1357 1056 una
1384 1033 1433 1057 ex
1458 1027 1573 1070 parte
1597 1000 1911 1060 consentientem
1939 1023 2080 1062 habeat

155 1099 447 1140 Hermann-im,
490 1096 602 1143 cujus
640 1095 854 1140 editionem
890 1093 1109 1142 permultis„
1130 1095 1333 1132 asteriscis
1370 1095 1597 1133 distinctam
1633 1097 1833 1141 videmus,
1873 1111 1921 1136 ex
1956 1099 2079 1138 altera

157 1179 285 1211 autem
310 1171 472 1210 mirifice
501 1170 820 1213 dissentientem,
860 1169 1005 1220 quippe
1042 1168 1110 1218 qui
1145 1168 1211 1218 (p.
1243 1169 1357 1217 11⁴)
1397 1169 1746 1219 interpolationum
1773 1171 1875 1210 huuc
1901 1173 2081 1211 libellum

156 1249 221 1298 vel
247 1246 408 1287 maxime
435 1248 639 1283 immunem
668 1258 753 1281 esse
783 1249 969 1286 censeat3
1011 1256 1108 1286 nos,
1150 1244 1227 1279 etsi
1259 1244 1408 1280 moduli
1435 1245 1573 1281 virium
1593 1253 1821 1299 ’nostrarum
1848 1249 1949 1285 bene
1985 1263 2080 1286 con-

155 1301 255 1367 scii,
296 1329 427 1359 tamen
453 1336 475 1358 a
502 1321 617 1358 nohis
645 1334 725 1357 non
750 1321 1024 1369 impetramus,
1065 1324 1109 1356 ut
1135 1319 1345 1370 quidquam
1370 1319 1509 1359 horum
1534 1334 1584 1359 ex
1612 1323 1716 1360 omui
1742 1328 1853 1372 parte
1881 1336 2013 1363 verum
2040 1332 2080 1363 et

161 1398 281 1436 certis
306 1395 525 1435 rationibus
552 1396 820 1439 confirmatum
847 1408 935 1432 esse
963 1395 1239 1433 concedamus.
1306 1395 1463 1433 Etenim
1470 1421 1486 1440 ‚
1529 1398 1564 1433 si
1590 1397 1853 1448 quidvideo,
1887 1399 1962 1437 hoc
1990 1402 2081 1438 suh·

158 1473 333 1511 tilissimi
357 1470 585 1522 philosophi
609 1473 851 1521 fragmento,
887 1471 997 1520 quod
1020 1470 1132 1508 felici
1164 1470 1331 1521 quodam
1367 1485 1462 1509 casu
1494 1473 1607 1511 nobis
1644 1481 1851 1524 superest,
1899 1476 2007 1525 prior
2033 1490 2083 1513 ex

157 1549 312 1587 duobus
350 1561 449 1599 quos
488 1547 731 1584 Aristoteles
768 1547 818 1582 de
853 1547 951 1582 Arte
989 1546 1153 1583 Poetiea
1189 1547 1398 1596 scripsisse
1442 1547 1569 1584 fertur
1614 1547 1728 1585 libris
1769 1555 1836 1586 aut
1874 1556 1983 1587 totus
2018 1558 2085 1588 aut

156 1625 295 1662 saltem
321 1625 487 1661 maxims
512 1637 563 1661 ex
587 1628 698 1673 parte
727 1622 975 1666 continetur,
1003 1621 1115 1672 isque
1143 1621 1240 1659 satis
1267 1621 1444 1671 integer,
1482 1623 1516 1661 si
1545 1636 1630 1660 cum
1657 1629 1883 1662 ceterorum
1910 1626 2085 1675 philoso-

157 1701 227 1750 phi
253 1700 442 1738 librorum
469 1699 607 1736 habitu
647 1702 917 1747 comparetur3
957 1708 1085 1746 neque
1122 1697 1221 1732 enim
1257 1696 1373 1746 plura
1406 1697 1595 1747 deinceps
1630 1700 1750 1744 ¹verba
1785 1701 1982 1737 excidisse
2019 1708 2086 1738 aut

157 1778 325 1828 expulsa
351 1790 466 1821 esse,
507 1789 635 1826 neque
673 1774 890 1812 orationem
915 1772 1190 1822 interpolatam
1224 1778 1291 1809 aut
1317 1786 1390 1810 sue
1418 1773 1508 1811 loco
1535 1780 1678 1811 motam
1706 1788 1793 1813 esse
1809 1803 1821 1820 ,
1860 1781 1938 1813 tam
1965 1778 2085 1815 certis
2146 1764 2149 1768 ”

161 1854 321 1891 indiciis
348 1853 578 1902 colligitur,
604 1856 649 1888 ut
682 1850 792 1887 credi
819 1849 986 1892 debent,
1014 1848 1137 1885 multo
1164 1847 1279 1898 pejus
1308 1862 1394 1884 cum
1422 1848 1483 1886 his
1510 1849 1721 1887 clarissimi
1749 1852 1879 1899 operis
1906 1851 2085 1902 reliquiis

162 1935 291 1967 aetum
320 1942 432 1972 esse,
461 1920 574 1977 quam
602 1938 689 1963 cum
716 1924 803 1962 aliis
823 1923 1057 1961 Aristotelis
1085 1923 1209 1961 libris.
1220 1928 1259 1973 *)
1298 1924 1378 1962 Cui
1404 1921 1687 1979 sententiae'si
1714 1937 1762 1962 ex
1788 1926 1962 1964 novitate
1990 1927 2088 1964 nihil

162 2004 245 2040 fere
275 2001 624 2040 commendationis
652 2000 806 2037 accedit
833 2000 969 2048 (longe
998 1998 1156 2047 plurimi
1182 2000 1284 2035 enim
1311 2005 1353 2036 et
1380 2000 1600 2038 doctissimi
1622 2000 1810 2037 Poeticae
1839 2006 2086 2038 cnam-atores

164 2091 319 2127 semper
343 2077 401 2114 ita
429 2081 673 2113 censuerunt
699 2074 764 2112 vel
790 2075 966 2123 proxime
993 2074 1042 2111 ab
1069 2087 1115 2111 ea
1141 2076 1338 2112 sententia
1374 2076 1626 2124 abfuerunt),
1663 2075 1778 2112 nobis
1815 2056 1931 2113 eti—am
1965 2077 2007 2113 in
2041 2089 2087 2113 es

162 2151 414 2191 defendenda
438 2163 535 2189 eura
561 2155 680 2201 atque
708 2160 828 2199 opera
854 2163 932 2187 non
958 2149 1144 2198 ponenda
1171 2151 1273 2194 erit,
1319 2151 1391 2188 sed
1426 2151 1522 2188 satis
1555 2151 1685 2200 egisse
1713 2149 1828 2188 nobis
1856 2150 2086 2195 videbimur,

162 2230 197 2264 si
223 2241 339 2279 quam
364 2227 528 2264 infirmis
554 2225 820 2263 fundamentis
849 2225 1043 2263 contraria
1070 2226 1204 2275 opinio
1231 2226 1379 2263 nitatur
1404 2226 1809 2264 demonstraverimus.
1855 2233 1859 2237 '

283 2303 457 2340 Primum
481 2300 603 2351 igitur
628 2299 837 2337 videndum
858 2305 942 2343 est,
971 2299 1020 2336 ad
1047 2312 1160 2351 quem
1187 2306 1388 2338 auctorem
1412 2301 1592 2340 Ritterus
1619 2287 1697 2338 tam
1726 2301 1946 2352 „insignem
1972 2300 2088 2351 hujus

164 2379 358 2430 opusculi„
376 2378 701 2429 corruptionem“
730 2377 888 2412 referat.
948 2376 992 2412 Si
1018 2376 1103 2413 viro
1129 2376 1472 2425 perspicacissimo
1498 2375 1597 2413 fides
1625 2369 1803 2413 habenda
1830 2382 1916 2421 est,
1953 2377 1987 2413 is
2014 2375 2089 2412 fuit

204 2553 245 2592 ὓ)
289 2553 450 2585 Pluribus
475 2553 557 2584 haec
582 2552 722 2594 exposui
753 2551 786 2581 iu
817 2550 1028 2592 praefatione
1060 2550 1102 2580 ad
1133 2547 1356 2588 germanicam
1385 2545 1482 2589 hujus
1513 2545 1624 2579 libelli
1654 2543 1856 2583 versionem,
1888 2557 1973 2590 quae
1994 2546 2090 2601 nimis

295 2616 351 2648 diu
370 2616 438 2659 jam
462 2616 494 2647 in
517 2612 722 2657 typographi
745 2613 879 2644 scriniis
901 2612 1003 2645 latet.
1027 2620 1112 2642 nunc
1137 2609 1266 2641 tandem
1289 2609 1483 2652 propediem
1507 2610 1539 2640 in
1563 2610 1669 2641 lucem
1693 2610 1878 2652 proditura.
